@book{test,
  author = {Einstein, Albert},
  year = {2019},
  title = {Example},
  publisher = {Hogwarts},
}
